<record><leader>00000cas a22000007a 4500</leader><controlfield tag="001">16407238</controlfield><controlfield tag="008">870807c19879999iauwr ne      0    0eng d</controlfield><datafield ind1=" " ind2=" " tag="010"><subfield code="a">sn 87057685 </subfield></datafield><datafield ind1=" " ind2=" " tag="040"><subfield code="a">INP</subfield><subfield code="b">eng</subfield><subfield code="c">INP</subfield><subfield code="d">OCLCQ</subfield></datafield><datafield ind1=" " ind2=" " tag="042"><subfield code="a">msc</subfield></datafield><datafield ind1="0" ind2="4" tag="245"><subfield code="a">The Sheldon mail-sun.</subfield></datafield><datafield ind1=" " ind2=" " tag="260"><subfield code="a">Sheldon, Iowa :</subfield><subfield code="b">Sheldon Pub. Co.</subfield></datafield><datafield ind1=" " ind2=" " tag="300"><subfield code="a">v.</subfield></datafield><datafield ind1=" " ind2=" " tag="310"><subfield code="a">Weekly</subfield></datafield><datafield ind1="1" ind2=" " tag="362"><subfield code="a">Began in Jan. 1987.</subfield></datafield><datafield ind1=" " ind2=" " tag="500"><subfield code="a">Publisher varies.</subfield></datafield><datafield ind1=" " ind2=" " tag="588"><subfield code="a">Description based on: Vol. 116, no. 28 (June 24, 1987).</subfield></datafield><datafield ind1=" " ind2=" " tag="752"><subfield code="a">United States</subfield><subfield code="b">Iowa</subfield><subfield code="c">O'Brien</subfield><subfield code="d">Sheldon.</subfield></datafield><datafield ind1="0" ind2="4" tag="780"><subfield code="t">Sheldon mail (Sheldon, Iowa : 1875)</subfield><subfield code="w">(DLC)sn 87057753</subfield></datafield><datafield ind1="0" ind2="4" tag="780"><subfield code="t">Sun (Sheldon, Iowa)</subfield><subfield code="w">(DLC)sn 87057755</subfield></datafield></record>